<?xml version="1.0" encoding="UTF-8"?><record xmlns="http://www.loc.gov/MARC21/slim" xmlns:cinclude="http://apache.org/cocoon/include/1.0" xmlns:zs="http://www.loc.gov/zing/srw/">
  <leader>00395cz  a2200121n  4500</leader>
  <controlfield tag="001">n  99040989 </controlfield>
  <controlfield tag="003">DLC</controlfield>
  <controlfield tag="005">19990602131437.5</controlfield>
  <controlfield tag="008">990602n| acannaab|          |n aaa |||  </controlfield>
  <datafield tag="010" ind1=" " ind2=" ">
    <subfield code="a">n  99040989 </subfield>
  </datafield>
  <datafield tag="040" ind1=" " ind2=" ">
    <subfield code="a">DLC</subfield>
    <subfield code="b">eng</subfield>
    <subfield code="c">DLC</subfield>
    <subfield code="d">DLC</subfield>
  </datafield>
  <datafield tag="100" ind1="1" ind2=" ">
    <subfield code="a">Young, Sherwood</subfield>
  </datafield>
  <datafield tag="670" ind1=" " ind2=" ">
    <subfield code="a">Guilty on the gallows, 1998:</subfield>
    <subfield code="b">t.p. (Sherwood Young) flap, back cover (joined New Zealand police; reached the rank of chief inspector)</subfield>
  </datafield>
</record>